@article{barriola2016pagerank,
  author = {Barriola, Juan Manuel and Dotta, Milena},
  title = {¿Cómo funciona Google? El algoritmo PageRank, diagramas de grafos y cadenas de Markov},
  journal = {Revista de Investigación en Modelos Matemáticos Aplicados a la Gestión y la Economía},
  volume = {3},
  number = {3},
  pages = {9--30},
  year = {2016}
}

@incollection{zhang2019moba,
  author = {Zhang, Qian and Tan, Zengfu and Xu, Yuhui},
  title = {The Application of Markov Chains in Multiplayer Online Battle Arena (MOBA) Games},
  booktitle = {IRC-SET 2018},
  publisher = {Springer},
  year = {2019},
  doi = {10.1007/978-981-32-9828-6_9}
}

@article{snodgrass2017markov,
  author = {Snodgrass, Sam and Ontañón, Santiago},
  title = {Learning to Generate Video Game Maps Using Markov Models},
  journal = {IEEE Transactions on Computational Intelligence and AI in Games},
  volume = {9},
  pages = {410--422},
  year = {2017},
  doi = {10.1109/TCIAIG.2016.2623560}
}

@book{gagniuc2017markov,
  author = {Gagniuc, Paul A.},
  title = {Markov Chains: From Theory to Implementation and Experimentation},
  publisher = {John Wiley \& Sons},
  year = {2017},
  doi = {10.1002/9781119387596}
}